@INPROCEEDINGS{9676270,
  author={Agarwal, Sheetal and Jain, Srishty and Kumar, Amit},
  booktitle={2021 10th International Conference on System Modeling & Advancement in Research Trends (SMART)}, 
  title={GUI Docker Implementation: Run Common Graphics User Applications Inside Docker Container}, 
  year={2021},
  volume={},
  number={},
  pages={424-427},
  doi={10.1109/SMART52563.2021.9676270}}


@INPROCEEDINGS{9654383,
  author={Şengül, Özkan and Özkılıçaslan, Hasan and Arda, Emrecan and Yavanoğlu, Uraz and Doğru, İbrahim Alper and Selçuk, Ali Aydın},
  booktitle={2021 International Conference on Information Security and Cryptology (ISCTURKEY)}, 
  title={Implementing a Method for Docker Image Security}, 
  year={2021},
  volume={},
  number={},
  pages={34-39},
  doi={10.1109/ISCTURKEY53027.2021.9654383}}


@INPROCEEDINGS{9514041,
  author={Abhishek, Manish Kumar and Rajeswara Rao, D.},
  booktitle={2021 Fifth World Conference on Smart Trends in Systems Security and Sustainability (WorldS4)}, 
  title={Framework to Secure Docker Containers}, 
  year={2021},
  volume={},
  number={},
  pages={152-156},
  doi={10.1109/WorldS451998.2021.9514041}}

@INPROCEEDINGS{9236837,
  author={Wenhao, Jiang and Zheng, Li},
  booktitle={2020 IEEE 3rd International Conference on Information Systems and Computer Aided Education (ICISCAE)}, 
  title={Vulnerability Analysis and Security Research of Docker Container}, 
  year={2020},
  volume={},
  number={},
  pages={354-357},
  doi={10.1109/ICISCAE51034.2020.9236837}}
