@book{creswell2014research,
  title={Research Design: Qualitative, Quantitative, and Mixed Methods Approaches},
  author={Creswell, John W.},
  year={2014},
  publisher={SAGE Publications}
}

@book{denzin2011sage,
  title={The SAGE Handbook of Qualitative Research},
  editor={Denzin, Norman K. and Lincoln, Yvonna S.},
  year={2011},
  publisher={SAGE Publications}
}

@article{guba1994competing,
  title={Competing Paradigms in Qualitative Research},
  author={Guba, Egon G. and Lincoln, Yvonna S.},
  journal={Handbook of Qualitative Research},
  volume={2},
  number={3},
  pages={163--194},
  year={1994}
}

@book{lincoln1985naturalistic,
  title={Naturalistic Inquiry},
  author={Lincoln, Yvonna S. and Guba, Egon G.},
  year={1985},
  publisher={SAGE Publications}
}

@book{mertens2014research,
  title={Research and Evaluation in Education and Psychology: Integrating Diversity with Quantitative, Qualitative, and Mixed Methods},
  author={Mertens, Donna M.},
  year={2014},
  publisher={SAGE Publications}
}

@book{patton2014qualitative,
  title={Qualitative Research \& Evaluation Methods: Integrating Theory and Practice},
  author={Patton, Michael Q.},
  year={2014},
  publisher={SAGE Publications}
}

@book{ritzer2004handbook,
  title={Handbook of Social Theory},
  editor={Ritzer, George and Goodman, Douglas J.},
  year={2004},
  publisher={SAGE Publications}
}

@book{salkind1995art,
  title={The Art of Case Study Research},
  author={Stake, Robert E.},
  year={1995},
  publisher={SAGE Publications}
}

@book{salkind2007encyclopedia,
  title={Encyclopedia of Measurement and Statistics},
  editor={Salkind, Neil J.},
  year={2007},
  publisher={SAGE Publications}
}

@article{smith1983quantitative,
  title={Quantitative versus Qualitative Research: An Attempt to Clarify the Issue},
  author={Smith, Jean K.},
  journal={Educational Researcher},
  pages={12--14},
  year={1983}
}
